<record><leader>00000cas a22000007a 4500</leader><controlfield tag="001">27058499</controlfield><controlfield tag="008">921203d194u19uunyuwr ne      0    0eng d</controlfield><datafield ind1=" " ind2=" " tag="010"><subfield code="a">sn 92062250 </subfield></datafield><datafield ind1=" " ind2=" " tag="040"><subfield code="a">NYS</subfield><subfield code="b">eng</subfield><subfield code="c">NYS</subfield><subfield code="d">OCLCQ</subfield></datafield><datafield ind1=" " ind2=" " tag="042"><subfield code="a">msc</subfield></datafield><datafield ind1="0" ind2=" " tag="130"><subfield code="a">Eastwood news (Syracuse, N.Y.)</subfield></datafield><datafield ind1="1" ind2="0" tag="245"><subfield code="a">Eastwood news.</subfield></datafield><datafield ind1=" " ind2=" " tag="260"><subfield code="a">Syracuse, N.Y. :</subfield><subfield code="b">W.J. McArdell</subfield></datafield><datafield ind1=" " ind2=" " tag="300"><subfield code="a">v.</subfield></datafield><datafield ind1=" " ind2=" " tag="310"><subfield code="a">Weekly</subfield></datafield><datafield ind1=" " ind2=" " tag="500"><subfield code="a">Sometimes published in East Syracuse, N.Y.</subfield></datafield><datafield ind1=" " ind2=" " tag="500"><subfield code="a">Published by: W.J. McArdell, &lt;Oct. 24, 1946&gt;-Mar. 20, 1947; A.M. Halstead, Mar. 27, 1947-Dec. 15, 1952; C.B. Weschke, Dec. 22, 1952-Oct. 16, 1958; Dewitt Pub. Co. Inc., Oct. 23, 1958-&lt;Dec. 29, 1960&gt;.</subfield></datafield><datafield ind1=" " ind2=" " tag="580"><subfield code="a">Mattydale eds.: Eastwood news, Mattydale sun, Jan. 4, 1951-May 1, 1952; Eastwood news (East Syracuse, N.Y.), May 8-Dec. 29, 1952.</subfield></datafield><datafield ind1=" " ind2=" " tag="588"><subfield code="a">Description based on: Vol. 2, no. 1 (Oct. 24, 1946).</subfield></datafield><datafield ind1=" " ind2="4" tag="651"><subfield code="a">Syracuse (N.Y.)</subfield><subfield code="v">Newspapers.</subfield></datafield><datafield ind1=" " ind2="4" tag="651"><subfield code="a">East Syracuse (N.Y.)</subfield><subfield code="v">Newspapers.</subfield></datafield><datafield ind1=" " ind2="4" tag="651"><subfield code="a">Eastwood (N.Y.)</subfield><subfield code="v">Newspapers.</subfield></datafield><datafield ind1=" " ind2=" " tag="752"><subfield code="a">United States</subfield><subfield code="b">New York</subfield><subfield code="c">Onondaga</subfield><subfield code="d">Syracuse.</subfield></datafield><datafield ind1=" " ind2=" " tag="752"><subfield code="a">United States</subfield><subfield code="b">New York</subfield><subfield code="c">Onondaga</subfield><subfield code="d">East Syracuse.</subfield></datafield><datafield ind1="1" ind2=" " tag="775"><subfield code="t">Eastwood news, Mattydale sun</subfield><subfield code="w">(DLC)sn 92062251</subfield></datafield><datafield ind1="1" ind2=" " tag="775"><subfield code="t">Eastwood news (East Syracuse, N.Y.)</subfield><subfield code="w">(DLC)sn 92062252</subfield></datafield></record>